â€Œ@article{forbes_press, title={A Very Short History Of Artificial Intelligence}, url={https://www.forbes.com/sites/gilpress/2016/12/30/a-very-short-history-of-artificial-intelligence-ai/?sh=a3401fc6fba2}, journal={Forbes}, author={Press, Gil}, year={2022}, month={Oct} }

@misc{history_of_artificial_intelligence, url={https://www.coe.int/en/web/artificial-intelligence/history-of-ai#:~:text=The%20term%20%22AI%22%20could%20be,because%20they%20require%20high%2Dlevel}, journal={Artificial Intelligence}, year={2014} }


@misc{what_is_similarity_learning, url={https://www.aiforanyone.org/glossary/similarity-learning}, journal={Aiforanyone.org}, year={2023} }

@misc{image_dataset_from_directory, url={https://www.tensorflow.org/api_docs/python/tf/keras/utils/image_dataset_from_directory}, journal={TensorFlow}, year={2023} }

